@misc{ubs2023latest,
  author    = {UBS},
  title     = {Latest House View Daily},
  year      = {2023},
  url       = {https://www.ubs.com/global/en/wealthmanagement/insights/chief-investment-office/house-view/daily/2023/latest-25052023.html},
}

@misc{modelcontextprotocol2023,
  author    = {Model Context Protocol},
  title     = {Getting Started - Introduction},
  year      = {2023},
  url       = {https://modelcontextprotocol.io/docs/getting-started/intro},
}